<record><leader>00000cas a2200000 a 4500</leader><controlfield tag="001">11336704</controlfield><controlfield tag="008">841101d19101980ksuwr ne      0   a0eng d</controlfield><datafield ind1=" " ind2=" " tag="010"><subfield code="a">sn 84029980 </subfield></datafield><datafield ind1=" " ind2=" " tag="040"><subfield code="a">KSH</subfield><subfield code="b">eng</subfield><subfield code="c">KSH</subfield><subfield code="d">NPT</subfield><subfield code="d">OCL</subfield><subfield code="d">OCLCQ</subfield></datafield><datafield ind1=" " ind2=" " tag="042"><subfield code="a">msc</subfield></datafield><datafield ind1="0" ind2=" " tag="130"><subfield code="a">Grainfield cap sheaf (Grainfield, Kan. : 1910)</subfield></datafield><datafield ind1="1" ind2="0" tag="245"><subfield code="a">Grainfield cap sheaf.</subfield></datafield><datafield ind1=" " ind2=" " tag="260"><subfield code="a">Grainfield, Kan. :</subfield><subfield code="b">G.E. Troutwine :</subfield><subfield code="b">Cap Sheaf Pub. Co.,</subfield><subfield code="c">1910-1980.</subfield></datafield><datafield ind1=" " ind2=" " tag="300"><subfield code="a">70 v. :</subfield><subfield code="b">ill. ;</subfield><subfield code="c">37-56 cm.</subfield></datafield><datafield ind1=" " ind2=" " tag="310"><subfield code="a">Weekly</subfield></datafield><datafield ind1="0" ind2=" " tag="362"><subfield code="a">Vol. 1, no. 1 (Oct. 14, 1910)-v. 67, no. 39 (Nov. 21, 1980).</subfield></datafield><datafield ind1=" " ind2=" " tag="500"><subfield code="a">Publisher varies.</subfield></datafield><datafield ind1=" " ind2=" " tag="500"><subfield code="a">Independent.</subfield></datafield><datafield ind1=" " ind2=" " tag="515"><subfield code="a">Numbering is irregular.</subfield></datafield><datafield ind1=" " ind2=" " tag="752"><subfield code="a">United States</subfield><subfield code="b">Kansas</subfield><subfield code="c">Gove</subfield><subfield code="d">Grainfield.</subfield></datafield><datafield ind1="0" ind2="5" tag="780"><subfield code="t">Grinnell record-leader</subfield><subfield code="g">Sept. 15, 1972</subfield><subfield code="w">(DLC)sn 84029984</subfield></datafield><datafield ind1="0" ind2="4" tag="785"><subfield code="t">Gove County advocate (Grainfield, Kan.)</subfield><subfield code="w">(DLC)sn 84029976</subfield></datafield></record>